<?xml version="1.0" encoding="UTF-8"?><collection xmlns="http://www.loc.gov/MARC21/slim"><record><leader>00581nam--2200169-i-4500</leader><controlfield tag="001">000018245</controlfield><controlfield tag="002">20161230</controlfield><controlfield tag="005">20161230201032</controlfield><controlfield tag="008">060222s1000------------r-----000-0-eng-d</controlfield><datafield ind1=" " ind2=" " tag="040"><subfield code="a">IFIN-HH</subfield></datafield><datafield ind1=" " ind2=" " tag="080"><subfield code="a">539.12</subfield></datafield><datafield ind1="1" ind2=" " tag="100"><subfield code="a">Ferreti, B</subfield></datafield><datafield ind1="1" ind2="0" tag="245"><subfield code="a">1958 annual international conference on high energy physics at cern</subfield><subfield code="b">Sponsored by the international union of pure and applied physics (iupap) proceedings geneva, 30th june 5th july, 1958</subfield><subfield code="c">B. ferreti (ed.)</subfield></datafield><datafield ind1=" " ind2=" " tag="260"><subfield code="a">Geneve</subfield><subfield code="b">Cern</subfield><subfield code="c">1958</subfield></datafield><datafield ind1=" " ind2=" " tag="300"><subfield code="a">358 P. CU FIGURI</subfield></datafield><datafield ind1=" " ind2=" " tag="852"><subfield code="a">10640</subfield><subfield code="c">539.131</subfield></datafield><datafield ind1=" " ind2=" " tag="CAT"><subfield code="a">Sys</subfield><subfield code="c">20120228</subfield><subfield code="h">114515</subfield></datafield></record></collection>